@misc{RFC0826,
    author = {Plummer, D. C.},
    citeulike-article-id = {293210},
    citeulike-linkout-0 = {ftp://ftp.internic.net/rfc/rfc826.txt},
    keywords = {bibtex-import},
    month = nov,
    posted-at = {2005-08-16 14:41:12},
    priority = {0},
    title = {{RFC 826}: {Ethernet Address Resolution Protocol}: Or converting network protocol addresses to 48.bit {Ethernet} address for transmission on {Ethernet} hardware},
    url = {ftp://ftp.internic.net/rfc/rfc826.txt},
    year = {1982}
}

