@misc{rfc792,
	series =	{Request for Comments},
	number =	792,
	howpublished =	{RFC 792},
	publisher =	{RFC Editor},
	doi =		{10.17487/RFC0792},
	url =		{https://rfc-editor.org/rfc/rfc792.txt},
    author =	{},
	title =		{{Internet Control Message Protocol}},
	pagetotal =	21,
	year =		1981,
	month =		sep,
	abstract =	{},
}

@misc{wiki:ICMP_echo,
	author = "Wikipedia",
	title = "Internet Control Message Protocol",
	year = "2017",
	howpublished = {\url{https://pt.wikipedia.org/wiki/Internet_Control_Message_Protocol}},
	note = "[Online; acedido a 4-Novembro-2017]"
}
