
@book{computer_networking,
    author    = "James F. Kurose, Keith W. Ross",
    title     = "Computer Networking: A Top Down Approach",
    publisher = "Addison-Wesley",
    %volume   = "",
    %number   = "",
    %series   = "",
    %address  = "",
    edition  = "\nth{6} Edition",
    year      = "2012",
    month    = "March",
    %note     = "",
}


@misc{wiki:ber,
	author = "Wikipedia",
	title = "Bit error rate",
	year = "2017",
	howpublished = {\url{https://en.wikipedia.org/wiki/Bit_error_rate}},
	note = "[Online; acedido a 10-Dezembro-2017]"
}

@misc{wiki:snr,
	author = "Wikipedia",
	title = "Relação sinal-ruído",
	year = "2017",
	howpublished = {\url{https://pt.wikipedia.org/wiki/Rela%C3%A7%C3%A3o_sinal-ru%C3%ADdo}},
	note = "[Online; acedido a 10-Dezembro-2017]"
}
